
@inproceedings{zhang2022differentiable,
author = {Zhang, Qiang and Baek, Seung-Hwan and Rusinkiewicz, Szymon and Heide, Felix},
title = {Differentiable Point-Based Radiance Fields for Efficient View Synthesis},
year = {2022},
publisher = {Association for Computing Machinery},
address = {New York, NY, USA},
booktitle = {SIGGRAPH Asia 2022 Conference Papers},
articleno = {7},
numpages = {12},
series = {SA '22}
}

@inproceedings{yu_and_fridovichkeil2021plenoxels,
      title={Plenoxels: Radiance Fields without Neural Networks},
      author={{Sara Fridovich-Keil and Alex Yu} and Matthew Tancik and Qinhong Chen and Benjamin Recht and Angjoo Kanazawa},
      year={2022},
      booktitle={CVPR},
}

@inproceedings{mildenhall2020nerf,
 title={NeRF: Representing Scenes as Neural Radiance Fields for View Synthesis},
 author={Ben Mildenhall and Pratul P. Srinivasan and Matthew Tancik and Jonathan T. Barron and Ravi Ramamoorthi and Ren Ng},
 year={2020},
 booktitle={ECCV},
}

@misc{jain2022zeroshot,
      title={Zero-Shot Text-Guided Object Generation with Dream Fields}, 
      author={Ajay Jain and Ben Mildenhall and Jonathan T. Barron and Pieter Abbeel and Ben Poole},
      year={2022},
      eprint={2112.01455},
      archivePrefix={arXiv},
      primaryClass={cs.CV}
}

@misc{yang2023freenerf,
      title={FreeNeRF: Improving Few-shot Neural Rendering with Free Frequency Regularization}, 
      author={Jiawei Yang and Marco Pavone and Yue Wang},
      year={2023},
      eprint={2303.07418},
      archivePrefix={arXiv},
      primaryClass={cs.CV}
}

@INPROCEEDINGS{basri937651,
  author={Basri, R. and Jacobs, D.},
  booktitle={Proceedings Eighth IEEE International Conference on Computer Vision. ICCV 2001}, 
  title={Lambertian reflectance and linear subspaces}, 
  year={2001},
  volume={2},
  number={},
  pages={383-390 vol.2},
  doi={10.1109/ICCV.2001.937651}}

@misc{kondo2021vaxnerf,
      title={VaxNeRF: Revisiting the Classic for Voxel-Accelerated Neural Radiance Field}, 
      author={Naruya Kondo and Yuya Ikeda and Andrea Tagliasacchi and Yutaka Matsuo and Yoichi Ochiai and Shixiang Shane Gu},
      year={2021},
      eprint={2111.13112},
      archivePrefix={arXiv},
      primaryClass={cs.CV}
}

@InProceedings{Rakhimov_2022_CVPR,
    author={Rakhimov, Ruslan and Ardelean, Andrei-Timotei and Lempitsky, Victor and Burnaev, Evgeny},
    title={NPBG++: Accelerating Neural Point-Based Graphics},
    booktitle={Proceedings of the IEEE/CVF Conference on Computer Vision and Pattern Recognition (CVPR)},
    month={June},
    year={2022},
    pages={15969-15979}
}

@InProceedings{Lassner_2021_CVPR,
    author    = {Lassner, Christoph and Zollhofer, Michael},
    title     = {Pulsar: Efficient Sphere-Based Neural Rendering},
    booktitle = {Proceedings of the IEEE/CVF Conference on Computer Vision and Pattern Recognition (CVPR)},
    month     = {June},
    year      = {2021},
    pages     = {1440-1449}
}

@misc{reiser2021kilonerf,
      title={KiloNeRF: Speeding up Neural Radiance Fields with Thousands of Tiny MLPs}, 
      author={Christian Reiser and Songyou Peng and Yiyi Liao and Andreas Geiger},
      year={2021},
      eprint={2103.13744},
      archivePrefix={arXiv},
      primaryClass={cs.CV}
}

@article{Garbin21arxiv_FastNeRF,
	Archiveprefix = {arXiv},
	Author = {Stephan J. Garbin and Marek Kowalski and Matthew Johnson and Jamie Shotton and Julien Valentin},
	Journal = {https://arxiv.org/abs/2103.10380},
	Title = {FastNeRF: High-Fidelity Neural Rendering at 200FPS},
	Year = {2021}
}
